% SECTION

@article{name,
   Author = {},
   Title = {},
   Journal = {},
   Volume = {},
   Number = {},
   Pages = {},
   Year = {} }
